@article{GAP,
  author    = {Scott Beamer and
               Krste Asanovic and
               David A. Patterson},
  title     = {The {GAP} Benchmark Suite},
  journal   = {CoRR},
  volume    = {abs/1508.03619},
  year      = {2015},
  url       = {http://arxiv.org/abs/1508.03619},
  timestamp = {Tue, 01 Sep 2015 14:42:40 +0200},
  biburl    = {http://dblp.uni-trier.de/rec/bib/journals/corr/BeamerAP15},
  bibsource = {dblp computer science bibliography, http://dblp.org}
}

@inproceedings{STINGER,
  title={Stinger: High performance data structure for streaming graphs},
  author={Ediger, David and McColl, Robert and Riedy, Jason and Bader, David A},
  booktitle={IEEE Conference on High Performance Extreme Computing (HPEC)},
  pages={1--5},
  year={2012},
  organization={IEEE}
}

@article{GMAD,
title ={GMAD: Graph-based Malware Activity Detection by {DNS} traffic analysis},
journal = {Computer Communications },
volume = {49},
pages = {33 - 47},
year = {2014},
issn = {0140-3664},
author = {Jehyun Lee and Heejo Lee}
}

@phdthesis{Manos2012Auth,
    title    = {Improving Internet security Via Large-Scale Passive and Active DNS Montioring},
    school   = {Georgia Institute of Technology},
    author   = {Antonakakis, Emmanouil},
    year     = {2012}
}

@inproceedings{ChazdomainZ,
  title={Domain-Z: 28 Registrations Later.},
  author={Chaz Lever, Robert Walls, Yacin Nadji, David Dagon, Patrick McDaniel, and Manos Antonakakis},
  booktitle={Proceedings of the 37th IEEE Symposium on Security and Privacy},
  pages={1--5},
  year={2016},
  organization={IEEE}
}

@inproceedings{ManosbuildDNS,
  title={Building a dynamic reputation system for DNS},
  author={Manos Antonakakis, Roberto Perdisci, David Dagon, Wenke Lee, and Nick Feamster},
  booktitle={USENIX Security'10 Proceedings of the 19th USENIX conference on Security},
  pages={18--18},
  year={2010},
  organization={IEEE}
}

@inproceedings{NeustarSecurity,
  title={DNS Security: Safeguarding your online presence},
  author={Reynold Harbin},
  booktitle={webcast: https://www.youtube.com/watch?v=YRjVHcS1zLc},
  
  year={2015},
  
}

@ARTICLE{InfobloxPaper,
	AUTHOR = "Infoblox",
	TITLE = "Protecting DNS Infrastructure: Inside and Out",
	JOURNAL = {White Paper},
	
	MONTH = "January",
	YEAR = {2014}	
}

@ARTICLE{Top10DNSattacks,
	AUTHOR = "Scott Fulton",
	TITLE = "Top 10 DNS attacks likely to infiltrate your network",
	JOURNAL = {NetworkWorld},
	
	MONTH = "February",
	YEAR = {2015}	
}
@MISC{DNS_fig,
    title = {Diagram: How the Domain Name System {DNS} works},
    note = {[Online; accessed April 18, 2016]},
    url = {http://www.uxworld.com/?p=384}
}
@article{alvarez2005k,
  title={k-core decomposition of Internet graphs: hierarchies, self-similarity and measurement biases},
  author={Alvarez-Hamelin, Jos{\'e} Ignacio and Dall'Asta, Luca and Barrat, Alain and Vespignani, Alessandro},
  journal={arXiv preprint cs/0511007},
  year={2005}
}
@techreport{rfc1034,
   AUTHOR = "P. Mockapetris",
   TITLE = "{Domain Names - Concepts and Facilities}",
   HOWPUBLISHED = {Internet Requests for Comments},
   TYPE="{RFC}",
   NUMBER=1034,
   YEAR = {1987},
   MONTH = {November},
   URL={http://www.ietf.org/rfc/rfc1034.txt}
   }
   @techreport{rfc1035,
   AUTHOR = "P. Mockapetris",
   TITLE = "{Domain Names - Implementation and Specificatios}",
   HOWPUBLISHED = {Internet Requests for Comments},
   TYPE="{RFC}",
   NUMBER=1035,
   YEAR = {1987},
   MONTH = {November},
   URL={http://www.ietf.org/rfc/rfc1035.txt}
   }
   
@inproceedings{Segugio,
  title={Passive DNS replication},
  author={Weimer, Florian}
}

@inproceedings{Rahbarinia2015,
  doi = {10.1109/dsn.2015.35},
  url = {http://dx.doi.org/10.1109/DSN.2015.35},
  year  = {2015},
  month = {jun},
  publisher = {Institute of Electrical {\&} Electronics Engineers ({IEEE})},
  author = {Babak Rahbarinia and Roberto Perdisci and Manos Antonakakis},
  title = {Segugio: Efficient Behavior-Based Tracking of Malware-Control Domains in Large {ISP} Networks},
  booktitle = {2015 45th Annual {IEEE}/{IFIP} International Conference on Dependable Systems and Networks}
}

@misc{LectureA,
  Author = {Alex Beutel},
  Institution = {Carnergie Mellon University},
  Howpublished = {University Lecture at Georgia Tech},
  Year = {2016},
  Title = {Beyond Who and What: Answering How? And Why? By Modeling Large Graphs}
}

@misc{LectureB,
  Author = {Paul Vixie},
  Institution = {ISC},
  Howpublished = {Hack In The Box Security Confernce, Belinda InterContinental KL, Kuala Lumpur, Malaysia},
  Year = {2012},
  Title = {}
}